@article{Lueth.2014,
 author = {Lueth, Knuth Lasse},
 year = {2014},
 title = {Why the Internet of Things is called Internet of Things: Definition, history, disambiguation},
 url = {https://iot-analytics.com/internet-of-things-definition/},
 urldate = {20.10.2020}
}

@article{Mekki.2018, 
 author={Mekki, Kais and Bajic, Eddy and Chaxel, Frederic and Meyer, Fernand}, 
 year={2018},
 title={A comparative study of LPWAN technologies for large-scale IoT deployment},  url={https://www.sciencedirect.com/science/article/pii/S2405959517302953}, 
 urldate = {20.10.2020},
 journal={ICT Express}, 
 publisher={Elsevier}, 
}

@article{Rani.2019,
 author = {Rani, Deepti and Gill, Nasib},
 year = {2019},
 title = {Review of Various IoT Standards and Communication Protocols},
 url = {http://www.irphouse.com/ijert19/ijertv12n5_10.pdf},
 urldate = {27.10.2020}
}

@article{Salman.2019,
 author = {Salman, Tara and Jain, Raj},
 year = {2019},
 title = {A Survey of Protocols and Standards for Internet of Things},
 url = {https://arxiv.org/ftp/arxiv/papers/1903/1903.11549.pdf},
 urldate = {27.10.2020}
}

@article{ZigBeeSpecification.2015,
 author = {{Zigbee Alliance}},
 year = {2015},
 title = {ZigBee Specification},
 url = {https://zigbeealliance.org/wp-content/uploads/2019/11/docs-05-3474-21-0csg-zigbee-specification.pdf},
 urldate = {27.10.2020}
}

@article{BluetoothSpecification.2015,
 author = {{Bluetooth Special Interest Group}},
 year = {2010},
 title = {Specification of the Bluetooth system},
 url = {https://www.bluetooth.org/docman/handlers/downloaddoc.ashx?doc_id=229737},
 urldate = {28.10.2020}
}

@article{Qihao.2019,
 author = {Qihao, Zhou and Kan, Zheng and Lu, Hou and Jinyu, Xing and Rongtao, Xu2},
 year = {2019},
 title = {Design and Implementation of Open LoRa for IoT},
 url = {https://arxiv.org/pdf/1812.09012.pdf},
 urldate = {30.10.2020}
}

@article{Aernouts.2018,
 author = {Michiel, Aernouts and Rafael, Berkvens and Koen, Van Vlaenderen and Maarten, Weyn},
 year = {2018},
 title = {Sigfox and LoRaWAN Datasets for Fingerprint Localization in Large Urban and Rural Areas},
 url = {https://www.mdpi.com/2306-5729/3/2/13/pdf},
 urldate = {02.11.2020}
}

@article{Vodafone.2017,
 author = {{Vodafone Gruppe}},
 year = {2017},
 title = {Narrowband-IoT: Internet of Things},
 url = {https://www.vodafone.de/media/downloads/pdf/vodafone-whitepaper-narrowband-iot.pdf},
 urldate = {02.11.2020}
}

@article{Ding.2020,
 author = {Jie, Ding and Mahyar, Nemati and Chathurika, Ranaweera and Jinho, Choi},
 year = {2020},
 title = {IoT Connectivity Technologies and Applications: A Survey},
 url = {https://arxiv.org/pdf/2002.12646.pdf},
 urldate = {02.11.2020}
}

@article{Chaudhari.2020,
 author = {Bharat, S. Chaudhari and Marco, Zennaro and Suresh, Borkar},
 year = {2020},
 title = {LPWAN Technologies: Emerging Application Characteristics, Requirements, and Design Considerations},
 url = {https://www.mdpi.com/1999-5903/12/3/46/pdf},
 urldate = {02.11.2020}
}

@article{Sigfox.2020,
 author = {Sigfox},
 year = {2020},
 title = {OUR STORY},
 url = {https://www.sigfox.com/en/sigfox-story},
 urldate = {02.11.2020}
}

@article{SigfoxTechnical.2017,
 author = {Sigfox},
 year = {2020},
 title = {Sigfox Technical Overview},
 url = {https://www.disk91.com/wp-content/uploads/2017/05/4967675830228422064.pdf},
 urldate = {02.11.2020}
}

@article{SigfoxMap.2020,
 author = {Sigfox},
 year = {2020},
 title = {Sigfox Technical Overview},
 url = {https://www.sigfox.com/en/coverage},
 urldate = {02.11.2020}
}

@article{Happ.2020,
 author = {Happ, Daniel and Karowski, Niels and Menzel, Thomas and Handziski, Vlado and Wolisz, Adam},
 year = {2020},
 title = {Meeting IoT Platform Requirements with Open Pub/Sub Solutions},
 url = {http://www.tkn.tu-berlin.de/fileadmin/fg112/Papers/2015/Happ15meeting_iot_platform.pdf},
 urldate = {04.11.2020}
}

@article{Slats.2020,
 author = {Slats, Laurens},
 year = {2020},
 title = {A Brief History of LoRa®: Three Inventors Share Their Personal Story at The Things Conference},
 url = {https://blog.semtech.com/a-brief-history-of-lora-three-inventors-share-their-personal-story-at-the-things-conference},
 urldate = {06.11.2020}
}

@article{LoRaAlliance.2020,
 author = {{LoRa Alliance}},
 year = {2020},
 title = {LoRa Alliance},
 url = {https://lora-alliance.org/},
 urldate = {06.11.2020}
}

@article{LoRaAlliance.2015,
 author = {{LoRa Alliance}},
 year = {2015},
 title = {A technical overview of LoRa® and LoRaWAN™},
 url = {https://www.tuv.com/media/corporate/products_1/electronic_components_and_lasers/TUeV_Rheinland_Overview_LoRa_and_LoRaWANtmp.pdf},
 urldate = {07.11.2020}
}

@article{Bastani.2009, 
 author = {Bastani, Hamed},
 year = {2009},
 title = {Spatial Positioning with Wireless Chirp Spread Spectrum Ranging},
 url = {https://d-nb.info/1034989510/34},
 urldate = {09.11.2020}
}

@article{LoRaAllianceRegional.2020,
 author = {{LoRa Alliance}},
 year = {2020},
 title = {RP002-1.0.1 LoRaWAN Regional Parameters},
 url = {https://lora-alliance.org/sites/default/files/2020-02/rp_2-1.0.1.pdf},
 urldate = {09.11.2020}
}

@article{Ertuerk.2019,
 author = {Ertürk, Mehmet Ali and Aydın, Muhammed Ali and Büyükakkaslar, Muhammet Talha and Evirgen, Hayrettin},
 year = {2019},
 title = {A Survey on LoRaWAN Architecture, Protocol and Technologies},
 url = {https://www.mdpi.com/1999-5903/11/10/216/pdf},
 urldate = {10.11.2020}
}

@article{TTNArch.2020,
 author = {{The Things Industries}},
 year = {2020},
 title = {Network Architecture},
 url = {https://www.thethingsnetwork.org/docs/network/architecture.html},
 urldate = {12.11.2020}
}

@article{ChirpArch.2020,
 author = {{github.com/brocaar}},
 year = {2020},
 title = {ChirpStack architecture},
 url = {https://www.chirpstack.io/project/architecture/},
 urldate = {12.11.2020}
}

@article{TTSApp.2020,
 author = {{The Things Industries}},
 year = {2020},
 title = {Application Server},
 url = {https://thethingsstack.io/reference/components/application-server/},
 urldate = {16.11.2020}
}

@article{SmartMakers.2018,
 author = {{SmartMakers}},
 year = {2018},
 title = {Sicherheit in LoRaWAN Anwendungen},
 url = {https://smartmakers.io/lorawan-sicherheit/},
 urldate = {17.11.2020}
}

@article{TTNSec.2020,
 author = {{The Things Industries}},
 year = {2020},
 title = {LoRaWAN Security},
 url = {https://www.thethingsnetwork.org/docs/lorawan/security.html},
 urldate = {17.11.2020}
}

@article{TTI.2020,
 author = {{The Things Industries}},
 year = {2020},
 title = {LoRaWAN™ Network Server Provider},
 url = {https://www.thethingsindustries.com/},
 urldate = {18.11.2020}
}

@article{TTN.2020,
 author = {{The Things Industries}},
 year = {2020},
 title = {Building a global open LoRaWAN™ network.},
 url = {https://www.thethingsnetwork.org/},
 urldate = {18.11.2020}
}

@article{TTNGwConn.2020,
 author = {{The Things Industries}},
 year = {2020},
 title = {Gateway connection to TTN},
 url = {https://www.thethingsnetwork.org/docs/gateways/start/connection.html},
 urldate = {24.11.2020}
}

@article{TimeSeriesWater.2019,
 author = {Fadhel, Muntazir and Sekerinski, Emil and Yao, Shucai},
 year = {2019},
 title = {A Comparison of Time Series Databases for Storing Water Quality Data},
 isbn = {978-3-319-89796-7},
 doi = {10.1007/978-3-030-11434-3_33}
}

@article{IoTAndEdge.2020,
 author = {Lea, Perry},
 year = {2020},
 title = {IoT and Edge Computing for Architects - Second Edition},
 isbn = {9781839214806},
}

@article{TimeSeriesInflux.2020,
 author = {{InfluxData}},
 year = {2020},
 title = {Time series database (TSDB) explained},
 url = {https://www.influxdata.com/time-series-database/},
 urldate = {22.11.2020}
}

@article{InfluxInternals.2017,
 author = {Betts,Ryan},
 year = {2017},
 title = {InfluxDB Internals 101 – Part One},
 url = {https://www.influxdata.com/blog/influxdb-internals-101-part-one/},
 urldate = {28.11.2020}
}

@article{IoTCentral.2019,
 author = {Provost, Peter},
 year = {2018},
 title = {Announcing the general availability of Azure IoT Central},
 url = {https://azure.microsoft.com/en-us/blog/azure-iot-central-ga/},
 urldate = {23.11.2020}
}

@article{AzureFunction.2016,
 author = {Mashkowski, Nir},
 year = {2016},
 title = {Introducing Azure Functions},
 url = {https://azure.microsoft.com/de-de/blog/introducing-azure-functions/},
 urldate = {24.11.2020}
}

@article{GrafanaLabs.2020,
 author = {{Grafana Labs}},
 year = {2020},
 title = {The analytics platform for all your metrics},
 url = {https://grafana.com/grafana/},
 urldate = {29.11.2020}
}